@Misc{Trout13EJC,
  author={A. Trout and V. Gintautas},
  title = {A Generalized Sphere Theorem for Positively Curved Combinatorial 3-Manifolds},
  note = {Submitted to The Electronic Journal of Combinatorics on June 27, 2013},
}


@Misc{Gintautas13AAPT,
  title = {An inexpensive rotary motion sensor students can build themselves},
  note = {American Association of Physics Teachers Winter Meeting, New Orleans, Louisiana, 2013},
}

@Misc{Gintautas12PTEC,
  title = {A simple, low-cost, data-logging pendulum built from a computer mouse},
  note = {PhysTEC Winter Meeting, Ontario, California, 2012},
}

@Misc{Gintautas09DOM,
  title = {Preliminary results from the comparison of human visual performance to biologically inspired computer object categorization},
  note = {Decade of the Mind IV, Albuquerque, New Mexico, 2009},
}

@Misc{Gintautas07LANL,
    title = {Information theoretic identification of functional modules in complex networks},
  note = {T-7 Summer Student Talk Series, Los Alamos National Laboratory, Los Alamos, New Mexico, 2007},
  }

@Misc{Gintautas08CNLS,
    title = {Identification of functional information subgraphs in complex networks},
  note = {Colloquium, Center for Nonlinear Studies Los Alamos National Laboratory, Los Alamos, New Mexico, 2008},
  }

@Misc{Gintautas09CNLS,
    title = {Better living through interreality:  How real-time computer simulations can dramatically influence the real world},
  note = {Colloquium, Center for Nonlinear Studies Los Alamos National Laboratory, Los Alamos, New Mexico, 2009},
  }


@Misc{Gintautas09Rostock,
  title = {Identification of functional information subgraphs in complex neuronal networks},
  note = {Seminar, University of Rostock, Rostock, Germany, 2009},
}

@Misc{Gintautas09KULeuven,
  title = {The physics of interreality systems},
  note = {Katholieke Universiteit Leuven, Leuven, Belgium, 2009},
}

@Misc{GeorgeSFN09,
  title = {Not so fast: Optimized masks increase processing time for object detection on speed-of-sight tasks},
  note = {Society for Neuroscience Annual Meeting, Chicago, Illinois, 2009},
}
author = {J. George and S. Barr and M. Ham and C. Renaudo and J. Hammond and V. Gintautas and S. Brumby and K. Sanbonmatsu and I. Nemenman and L. Bettencourt and G. Kenyon},


       
@Misc{BettencourtSFN09,
  title = {Image categorization through large-scale hierarchical models of the primate visual cortex},
  note = {Society for Neuroscience Annual Meeting, Chicago, Illinois, 2009},
}
author= {L. Bettencourt and S. Brumby and V. Gintautas and M. Ham and S. Barr and P. Loxley and K. Sanbonmatsu and S. Swaminarayan and J. George and G. Kenyon and I. Nemenman},

@Misc{Gintautas10VSS,
  title = {An improved model for contour completion in {V1} using learned feature correlation statistics},
  note = {Vision Sciences Society 10th Annual Meeting, Naples, Florida, 2010},
}

@Misc{Gintautas10DD,
  title = {Generalized resonant forcing of nonlinear and chaotic dynamics},
  note = {Dynamics Days, Evanston, Illinois, 2010},
}

@Misc{Gintautas09DD,
  title = {Roughness-dependent dynamics of a point charge near a conducting plane},
  note = {Dynamics Days, San Diego, California, 2009},
}

@Misc{Gintautas08DD,
  title = {Resonant forcing of chaotic dynamics},
  note = {Dynamics Days, Knoxville, Tennessee, 2008},
}

@Misc{Gintautas07UCS,
  title = {Experimental evidence for mixed reality states in an interreality system},
  note = {Understanding Complex Systems Symposium, Urbana, Illinois, 2007},
}

@Misc{Gintautas08UCS,
  title = {Resonant forcing of systems of differential equations},
  note = {Plenary talk, Understanding Complex Systems Symposium, Urbana, Illinois, 2008},
}

@Misc{Gintautas09IgniteSF,
  title = {Better living through interreality},
  note = {IgniteSF, Santa Fe, New Mexico, 2009.}
}

@Misc{Gintautas06APS,
  title = {Phase transition of a dynamical system with a bi-directional, instantaneous coupling to a virtual system},
  note = {APS March Meeting, Baltimore, Maryland, 2006},
}

@Misc{Gintautas07APS,
  title = {Arnold tongue mixed reality states in an interreality system},
  note = {APS March Meeting, Denver, Colorado, 2007},
}

@Misc{GintautasBettencourtHam08EPBS,
  title = {Identification of functional information subgraphs in complex networks},
  note = {Engineering Principles in Biological Systems, Cold Spring Harbor, New York, 2008},
}


@Misc{Gintautas09CNS_talk,
  title = {Identification of functional information subgraphs in complex networks},
  note = {Eighteenth Annual Computational Neuroscience Meeting CNS*2009, Berlin, Germany, 2009},
}


@Misc{Gintautas09SBP_talk,
    title = {When is social computation better than the sum of its parts?},
  note = {Social Computing, Behavior Modeling, and Prediction, Phoenix, Arizona, 2009},
}

@Misc{Gintautas03UNC,
  title = {Particle size analysis by laser diffraction spectrometry: Application to cementitious powders},
  note = {Fourth Annual Celebration of Undergraduate Research, UNC, Chapel Hill, North Carolina, 2003},
}

@INPROCEEDINGS{HamGintautasGross08MEA,
  author = {M. I. Ham and V. Gintautas and G. Gross},
  title = {Spontaneous coordinated activity in cultured networks: Analysis of multiple ignition sites, primary circuits, burst phase delay distributions and functional structures},
  booktitle = {6th International Meeting on Substrate-Integrated Micro Electrode Arrays},
  pages = {29},
  year = {2008},
}

@ARTICLE{Gintautas07PRE,
  author = {V. Gintautas and A. W. H{\"u}bler},
  title = {Experimental evidence for mixed reality states in an interreality system},
  journal = {Physical Review E},
  year = {2007},
  volume = {75},
  pages = {057201},
}


@ARTICLE{Gintautas09PRC,
    author = {V. Gintautas and A. E. Champagne and F. G. Kondev and R. Longland},
    title = {Thermal equilibration of $^{176}${L}u via {$K$} mixing},
    year = {2009},
    journal = {Physical Reivew C},
    volume = {80},
    pages = {015806},
}

@ARTICLE{Gintautas08JStatPhys,
  author = {V. Gintautas and G. Foster and A. W. H{\"u}bler},
  title = {Resonant forcing of chaotic dynamics},
  journal = {Journal of Statistical Physics},
  year = {2008},
  volume = {130},
  pages = {617},
}

@ARTICLE{Bettencourt08PRL,
  author = {L. M. A. Bettencourt and V. Gintautas and M. I. Ham},
  title = {Identification of functional information subgraphs in complex networks},
  journal = {Physical Review Letters},
  year = {2008},
  volume = {100},
  pages = {238701},
}

@ARTICLE{Rodriguez09FirstMonday,
  author = {M. A. Rodriguez and V. Gintautas and A. Pepe},
  title = {The relationship between concert and listening behavior: a {G}rateful {D}ead analysis},
  year = {2009},
  journal = {First Monday [Online]},
  volume = {14},
  number = {1}
}


@MISC{Hackley04NIST,
  author = {V. A. Hackley and L. S. Lum and V. Gintautas and C. F. Ferraris},
  title = {Particle size analysis by laser diffraction spectrometry: application to cementitious powders},
  note = {NISTIR 7097, 2004.},
}

@ARTICLE{Ham10BioCyber,
    author = {M. I. Ham and V. Gintautas and M. A. Rodriguez and R. A. Bennett and C. L. Santa Maria and L. M. A. Bettencourt},
    title = {Density-dependence of functional development in spiking cortical networks grown in vitro},
  journal = {Biological Cybernetics},
  year = {2010},
  volume = {102},
  pages = {71},
}


@ARTICLE{Gintautas10JICRD,
    author = {V. Gintautas and A. Hagberg and L. M. A. Bettencourt},
    title = {Cooperative searching for stochastic targets},
    note = {Journal of Intelligence Community Research and Development, permanently available on Intelink, October 2010},
}


@INPROCEEDINGS{Gintautas09SBP,
    author = {V. Gintautas and A. Hagberg and L. M. A. Bettencourt},
    title = {When is social computation better than the sum of its parts?},
    year = {2009},
  booktitle = {Social Computing, Behavior Modeling, and Prediction},
  editor = {H. Liu and J. J. Salerno and M. J. Young},
  pages = {93},
}

@ARTICLE{Gintautas09PE,
    author = {V. Gintautas and A. H\"{u}bler},
    title = {A simple, low-cost, data-logging pendulum built from a computer mouse},
    year = {2009},
    journal = {Physics Education},
    volume = {44},
    pages = {488},
}

@ARTICLE{Hubler08Cplxty,
    author = {A. W. H\"{u}bler and V. Gintautas},
    title = {Experimental evidence for mixed reality states},
    year = {2008},
    journal = {Complexity},
    volume = {13},
    pages = {7},
}

@ARTICLE{Gintautas08Chaos,
    author = {V. Gintautas and A. W. H\"{u}bler},
    title = {Resonant forcing of nonlinear systems of differential equations},
    journal = {Chaos},
    year = {2008},
    volume = {18},
    pages = {033118},
}


@UNPUBLISHED{PREPGintautasHam08,
    author = {V. Gintautas and L. M. A. Bettencourt and M. I. Ham},
    title = {Information theoretical analysis methods for cultured neuronal networks},
    note = {},
}


@article{GintautasKenyon11,
    author = {V. Gintautas and M. I. Ham and B. Kunsberg and S. Barr and S. P. Brumby and C. Rasmussen and J. S. George and I. Nemenman and L. M. A. Bettencourt and G. T. Kenyon},
    journal = {PLoS Comput Biol},
    publisher = {Public Library of Science},
    title = {Model Cortical Association Fields Account for the Time Course and Dependence on Target Complexity of Human Contour Perception},
    year = {2011},
    month = {10},
    volume = {7},
    url = {http://dx.doi.org/10.1371%2Fjournal.pcbi.1002162},
    pages = {e1002162},
       number = {10},
    doi = {10.1371/journal.pcbi.1002162}
}        


@UNPUBLISHED{PREPBettencourtHagbergGintautas08,
    author = {V. Gintautas and A. Hagberg and L. M. A. Bettencourt},
    title = {Synergy-based infotaxis motion of swarms},
    note = {},
}

@UNPUBLISHED{PREPGintautasHubler08,
    author = {V. Gintautas and A. W. H\"{u}bler},
    title = {Dynamics of a charged particle near a rough conducting surface},
    note = {},
}
